@article{thomas2000,
	author = {"Thomas, George"},
	title =  {"Overview of Storage Development DOE Hydrogen Program. Presented at the U.S. DOE Hydrogen Program 2000 Annual Review, San Ramon, CA"},
	journal ={ "U.S. Department of Energy"},
	year =  {"2000"},
	language = {"English"}
}
@article{brewer1991,
	author = {"Brewer, G. Daniel"},
	title =  {"Hydrogen Aircraft Technology"},
	journal ={ "CRC Press, Boca Raton, FL"},
	year =  {"1991"},
	language = {"English"}
}
@article{grimsley2001,
	author = {"Grimsley, Brian W."},
	title =  {"Hybrid Composites for LH2 Fuel Tank Structure. "},
	journal ={ "Presented at the 33rd International SAMPE Technical Conference⎯Advancing Affordable Materials Technology, Seattle, WA"},
	year =  {"2001"},
	language = {"English"}
}
@article{moodythompson1990,
	author = {"Moody, Neville R. and Thompson, Anthony W"},
	title =  {"Hydrogen Effects on Material Behavior. "},
	journal ={ "Proceedings of the Fourth International Conference on the Effect of Hydrogen on the Behavior of Materials, TMS, Warrendale, PA"},
	year =  {"1990"},
	language = {"English"}
}
@article{hallsilverstein1955,
	author = {"Hall, E.W.; and Silverstein"},
	title =  {" Liquid Hydrogen as a Jet Fuel for High-Altitude Aircraft."},
	journal ={ "NACA−RM−E55C28a"},
	year =  {"1955"},
	language = {"English"}
}
@article{reynolds1955,
	author = {"Reynolds, T.W."},
	title =  {" Aircraft-Fuel-Tank Design for Liquid Hydrogen."},
	journal ={ "NACA RM–E55F22"},
	year =  {"1955"},
	language = {"English"}
}
@article{glaser1967,
	author = {"Glaser, P.E"},
	title =  {" What You Should Know About Cryogenic Insulations."},
	journal ={ " Mach. Des., vol. 39, no. 19"},
	year =  {"1967"},
	language = {"English"}
}
@article{bickleyschwinghame1999,
	author = {"Bickley, Fred; and Schwinghamer, Robert J."},
	title =  {"NASA Experience With the Shuttle External Tank."},
	journal ={ "Presented at National Manufacturing Week, Chicago, IL"},
	year =  {"1999"},
	language = {"English"}
}
@article{petty2006,
	author = {"Petty, John Ira"},
	title =  {"External Tank."},
	journal ={ "http://spaceflight.nasa.gov/shuttle/reference/shutref/et/"},
	year =  {"2006"},
	language = {"English"}
}
@article{copethorndyke1992,
	author = {"Cope, K.W.; and Thorndyke, P."},
	title =  {"Final Test Report for GD Task D Tank Cryogenic Test"},
	journal ={ "Final Report. ASC−TR−94−9161"},
	year =  {"1992"},
	language = {"English"}
}
@article{hellwig1992,
	author = {"Hellwig, T."},
	title =  {"Test Report for McDonnell-Douglas Aerospace NASP, Task D"},
	journal ={ "Final Report. ASC–TR–94–9178"},
	year =  {"1992"},
	language = {"English"}
}
@article{jenkins2003,
	author = {"Jenkins, Dennis R."},
	title =  {"American X-Vehicles: An Inventory X–1 to X–50 Centennial of Flight Edition."},
	journal ={ "NASA/SP⎯2003-4531"},
	year =  {"2003"},
	language = {"English"}
}
@article{lohmuelle2006,
	author = {"Lohmueller, Bruno L."},
	title =  {"Design Engineering. Aero. Amer., vol. 30, no. 12, 1992, p. 14. Magna Steyr: Liquid Hydrogen Tank for BMW."},
	journal ={ "http://www.magnasteyr.com/cps/rde/xchg/SID-3F57F7E5-AC61D8D6/magna_steyr_internet/hs.xsl/263_1579.php"},
	year =  {"2006"},
	language = {"English"}
}
@article{robinson1994,
	author = {"Robinson, M.J."},
	title =  {" Composite Cryogenic Propellant Tank Development."},
	journal ={ "AIAA–1994–1375"},
	year =  {"1994"},
	language = {"English"}
}
@article{nasamarshall2000,
	author = {"NASA George C. Marshall Space Flight Center"},
	title =  {" Final Report of the X–33 Liquid Hydrogen Tank Test Investigation Team. Huntsville, AL"},
	journal ={ " Final Report of the X–33"},
	year =  {"2000"},
	language = {"English"}
}
